@article{abft,
  author    = {Kuang{-}Hua Huang and
               Jacob A. Abraham},
  title     = {{Algorithm-Based Fault Tolerance for Matrix Operations}},
  journal   = {{IEEE} Trans. Computers},
  volume    = {33},
  number    = {6},
  pages     = {518--528},
  year      = {1984}
}



@article{Lee16,
  author    = {Kangwook Lee and
               Maximilian Lam and
               Ramtin Pedarsani and
               Dimitris S. Papailiopoulos and
               Kannan Ramchandran},
  title     = {{Speeding Up Distributed Machine Learning Using Codes}},
  journal   = {{IEEE} Trans. Inf. Theory},
  volume    = {64},
  number    = {3},
  pages     = {1514--1529},
  year      = {2018}
}






@article{Dutta20,
  author    = {Sanghamitra Dutta and
               Mohammad Fahim and
               Farzin Haddadpour and
               Haewon Jeong and
               Viveck R. Cadambe and
               Pulkit Grover},
  title     = {{On the Optimal Recovery Threshold of Coded Matrix Multiplication}},
  journal   = {{IEEE} Trans. Inf. Theory},
  volume    = {66},
  number    = {1},
  pages     = {278--301},
  year      = {2020}
}

@inproceedings{polycode,
  author    = {Qian Yu and
               Mohammad Ali Maddah{-}Ali and
               Salman Avestimehr},
  title     = {{Polynomial Codes: an Optimal Design for High-Dimensional Coded Matrix
               Multiplication}},
  booktitle = {Proc. Annual Conference on Neural Information Processing Systems},
  pages     = {4403--4413},
  year      = {2017}
}


@inproceedings{dualentangledpoly,
  author    = {Pedro Soto and
               Jun Li and
               Xiaodi Fan},
  title     = {{Dual Entangled Polynomial Code: Three-Dimensional Coding for Distributed
               Matrix Multiplication}},
  booktitle = {Proc. International Conference on Machine Learning,
               {ICML}},
  volume    = {97},
  pages     = {5937--5945},
  publisher = {{PMLR}},
  year      = {2019}
}

@article{entangledpoly,
  author    = {Qian Yu and
               Mohammad Ali Maddah{-}Ali and
               Amir Salman Avestimehr},
  title     = {{Straggler Mitigation in Distributed Matrix Multiplication: Fundamental
               Limits and Optimal Coding}},
  journal   = {{IEEE} Trans. Inf. Theory},
  volume    = {66},
  number    = {3},
  pages     = {1920--1933},
  year      = {2020}
}

@inproceedings{univdecodablematrices,
  author    = {Aditya Ramamoorthy and
               Li Tang and
               Pascal O. Vontobel},
  title     = {{Universally Decodable Matrices for Distributed Matrix-Vector Multiplication}},
  booktitle = {Proc. {IEEE} International Symposium on Information Theory, {ISIT}},
  pages     = {1777--1781},
  publisher = {{IEEE}},
  year      = {2019}
}

@inproceedings{convcoding,
  author    = {Anindya Bijoy Das and
               Aditya Ramamoorthy},
  title     = {{Distributed Matrix-Vector Multiplication: {A} Convolutional Coding
               Approach}},
  booktitle = {Proc. {IEEE} International Symposium on Information Theory, {ISIT}},
  pages     = {3022--3026},
  publisher = {{IEEE}},
  year      = {2019}
}


@inproceedings{khatrirao,
  author    = {A. M. Subramaniam and
               A. Heidarzadeh and K. R. Narayanan},
  title     = {{Random Khatri-Rao-Product Codes for NumericallyStable Distributed Matrix Multiplication}},
  booktitle = {Proc. Allerton Conf. on Comm., Contr., and Comp.},
  pages     = {253--259},
  year      = {2019}
}

@inproceedings{ratelessfountain,
  author    = {Ankur Mallick and
               Malhar Chaudhari and
               Gauri Joshi},
  title     = {{Fast and Efficient Distributed Matrix-vector Multiplication Using
               Rateless Fountain Codes}},
  booktitle = {Proc. {IEEE} International Conference on Acoustics, Speech and Signal Processing,
               {ICASSP}},
  pages     = {8192--8196},
  publisher = {{IEEE}},
  year      = {2019}
}

@inproceedings{timelycodedcomputing,
  author    = {Chien{-}Sheng Yang and
               Ramtin Pedarsani and
               Amir Salman Avestimehr},
  title     = {{Timely Coded Computing}},
  booktitle = {Proc. {IEEE} International Symposium on Information Theory, {ISIT}},
  pages     = {2798--2802},
  publisher = {{IEEE}},
  year      = {2019}
}


@inproceedings{numstable,
  author    = {Mohammad Fahim and
               Viveck R. Cadambe},
  title     = {{Numerically Stable Polynomially Coded Computing}},
  booktitle = {Proc. {IEEE} International Symposium on Information Theory, {ISIT}},
  pages     = {3017--3021},
  publisher = {{IEEE}},
  year      = {2019}
}


@inproceedings{codedsparse,
  author    = {Sinong Wang and
               Jiashang Liu and
               Ness B. Shroff},
  title     = {{Coded Sparse Matrix Multiplication}},
  booktitle = {Proc. International Conference on Machine Learning,
               {ICML}},
  volume    = {80},
  pages     = {5139--5147},
  publisher = {{PMLR}},
  year      = {2018}
}

@article{adityasurvey,
  author    = {Aditya Ramamoorthy and
               Anindya Bijoy Das and
               Li Tang},
  title     = {Straggler-resistant distributed matrix computation via coding theory},
  journal   = {CoRR},
  volume    = {abs/2002.03515},
  year      = {2020}
 }
%  url       = {https://arxiv.org/abs/2002.03515},
 % archivePrefix = {arXiv},
 % eprint    = {2002.03515}



@article{heterogeneous,
  author    = {Amirhossein Reisizadeh and
               Saurav Prakash and
               Ramtin Pedarsani and
               Amir Salman Avestimehr},
  title     = {{Coded Computation Over Heterogeneous Clusters}},
  journal   = {{IEEE} Trans. Inf. Theory},
  volume    = {65},
  number    = {7},
  pages     = {4227--4242},
  year      = {2019}
}

@inproceedings{hierarchical_draper,
  author    = {Shahrzad Kiani and
               Nuwan S. Ferdinand and
               Stark C. Draper},
  title     = {Hierarchical coded matrix multiplication},
  booktitle = {Proc. Canadian Workshop on Information Theory, {CWIT}},
  pages     = {1--6},
  publisher = {{IEEE}},
  year      = {2019}
}

@article{mpi4py,
  author    = {Lisandro Dalc{\'{\i}}n and
               Rodrigo Paz and
               Mario A. Storti},
  title     ={{MPI for Python}},
  journal   = {J. Parallel Distributed Comput.},
  volume    = {65},
  number    = {9},
  pages     = {1108--1115},
  year      = {2005}
}


@inproceedings{grad_coding,
  author    = {Rashish Tandon and Qi Lei and Alexandros G. Dimakis and Nikos Karampatziakis},
  title     = {{Gradient Coding: Avoiding Stragglers in Distributed Learning}},
  booktitle = {Proc. International Conference on Machine Learning,
               {ICML}},
  volume    = {70},
  pages     = {3368--3376},
  publisher = {{PMLR}},
  year      = {2017}
}






@article{almeidaNappPintoSuperreg,
  author    = {Almeida, P. J. and Diego Napp, and Raquel Pinto},
  title     ={{Superregular matrices and applications to convolutional codes}},
  journal   = {Linear Algebra and its Applications},
  volume    = {499},
  pages     = {1--25},
  year      = {2016}
}


@article{RavivEtAl,
  author    = {Netanel Raviv and
               Itzhak Tamo and
               Rashish Tandon and
               Alexandros G. Dimakis},
  title     = {{Gradient Coding From Cyclic {MDS} Codes and Expander Graphs}},
  journal   = {{IEEE} Trans. Inf. Theory},
  volume    = {66},
  number    = {12},
  pages     = {7475--7489},
  year      = {2020}
}


@inproceedings{YeAbbe18,
  author    = {Min Ye and
               Emmanuel Abbe},
  title     = {{Communication-Computation Efficient Gradient Coding}},
  booktitle = {Proc. International Conference on Machine Learning,
               {ICML}},
  volume    = {80},
  pages     = {5606--5615},
  publisher = {{PMLR}},
  year      = {2018}
}

@inproceedings{lagrange,
  author    = {Qian Yu and
               Songze Li and
               Netanel Raviv and
               Seyed Mohammadreza Mousavi Kalan and
               Mahdi Soltanolkotabi and
               Amir Salman Avestimehr},
  title     = {{Lagrange Coded Computing: Optimal Design for Resiliency, Security,
               and Privacy}},
  booktitle = {Proc. International Conference on Artificial Intelligence and Statistics,
               {AISTATS}},
  volume    = {89},
  pages     = {1215--1225},
  publisher = {{PMLR}},
  year      = {2019}
}

@inproceedings{seqmatmult,
  author    = {M. Nikhil Krishnan and
               Seyederfan Hosseini and
               Ashish Khisti},
  title     = {{Coded Sequential Matrix Multiplication For Straggler Mitigation}},
  booktitle = {Proc. Annual Conference on Neural Information Processing Systems},
  year      = {2020}
}




@inproceedings{stateEstimation,
  author    = {Amir Saberi and
               Farhad Farokhi and
               Girish N. Nair},
  title     = {{State Estimation via Worst-Case Erasure and Symmetric Channels with
               Memory}},
  booktitle = {Proc. {IEEE} International Symposium on Information Theory, {ISIT}},
  pages     = {3072--3076},
  publisher = {{IEEE}},
  year      = {2019}
}



@article{layeredstreaming,
  author    = {Ahmed Badr and
               Pratik Patil and
               Ashish Khisti and
               Wai{-}Tian Tan and
               John G. Apostolopoulos},
  title     = {{Layered Constructions for Low-Delay Streaming Codes}},
  journal   = {{IEEE} Trans. Inf. Theory},
  volume    = {63},
  number    = {1},
  pages     = {111--141},
  year      = {2017}
}

@article{martsun,
  author    = {Emin Martinian and
               Carl{-}Erik W. Sundberg},
  title     = {Burst erasure correction codes with low decoding delay},
  journal   = {{IEEE} Trans. Inf. Theory},
  volume    = {50},
  number    = {10},
  pages     = {2494--2502},
  year      = {2004}
}

@INPROCEEDINGS{BerndStreaming,
  author={Z. {Li} and A. C. {Begen} and B. {Girod}},
  booktitle={Proc. International Symposium on Networking Coding, {NetCod}}, 
  title={{Delay-Optimal Burst Erasure Codes for Parallel Links}}, 
  publisher = {{IEEE}},
  year={2011},
  pages={1-6}
}


@article{SPmag,
  author    = {Ahmed Badr and
               Ashish Khisti and
               Wai{-}Tian Tan and
               John G. Apostolopoulos},
  title     ={{Perfecting Protection for Interactive Multimedia: {A} survey of forward
               errror correction for low-delay interactive applications}},
  journal   = {{IEEE} Signal Process. Mag.},
  volume    = {34},
  number    = {2},
  pages     = {95--113},
  year      = {2017}
}
%%%%%%%%%%%%%%
@article{TieredGradCode,
  author    = {Shanuja Sasi and
               V. Lalitha and
               Vaneet Aggarwal and
               B. Sundar Rajan},
  title     = {{Straggler Mitigation With Tiered Gradient Codes}},
  journal   = {{IEEE} Trans. Commun.},
  volume    = {68},
  number    = {8},
  pages     = {4632--4647},
  year      = {2020}
}


@inproceedings{KadheKR20,
  author    = {Swanand Kadhe and
               Onur Ozan Koyluoglu and
               Kannan Ramchandran},
  title     = {{Communication-Efficient Gradient Coding for Straggler Mitigation in
               Distributed Learning}},
  booktitle = {Proc. {IEEE} International Symposium on Information Theory, {ISIT}},
  pages     = {2634--2639},
  publisher = {{IEEE}},
  year      = {2020}
}


@inproceedings{HalbawiRSH18,
  author    = {Wael Halbawi and
               Navid Azizan Ruhi and
               Fariborz Salehi and
               Babak Hassibi},
  title     = {{Improving Distributed Gradient Descent Using Reed-Solomon Codes}},
  booktitle = {Proc. {IEEE} International Symposium on Information Theory, {ISIT}},
  pages     = {2027--2031},
  publisher = {{IEEE}},
  year      = {2018}
}



@inproceedings{OzfaturaGU19,
  author    = {Emre Ozfatura and
               Deniz G{\"{u}}nd{\"{u}}z and
               Sennur Ulukus},
  title     = {{Speeding Up Distributed Gradient Descent by Utilizing Non-persistent
               Stragglers}},
  booktitle = {Proc. {IEEE} International Symposium on Information Theory, {ISIT}},
  pages     = {2729--2733},
  publisher = {{IEEE}},
  year      = {2019}
}


@inproceedings{WangGTLL19,
  author    = {Haozhao Wang and
               Song Guo and
               Bin Tang and
               Ruixuan Li and
               Chengjie Li},
  title     = {{Heterogeneity-aware Gradient Coding for Straggler Tolerance}},
  booktitle = {Proc. {IEEE} International Conference on Distributed Computing Systems,
               {ICDCS}},
  pages     = {555--564},
  publisher = {{IEEE}},
  year      = {2019}
}

@article{WangCharlesPap,
  author    = {Hongyi Wang and
               Zachary B. Charles and
               Dimitris S. Papailiopoulos},
  title     = {{ErasureHead: Distributed Gradient Descent without Delays Using Approximate
               Gradient Coding}},
  journal   = {CoRR},
  volume    = {abs/1901.09671},
  year      = {2019},
  archivePrefix = {arXiv}
}

@inproceedings{MaityRM19,
  author    = {Raj Kumar Maity and
               Ankit Singh Rawat and
               Arya Mazumdar},
  title     = {{Robust Gradient Descent via Moment Encoding and {LDPC} Codes}},
  booktitle = {{IEEE} International Symposium on Information Theory, {ISIT}},
  pages     = {2734--2738},
  publisher = {{IEEE}},
  year      = {2019}
}


@ARTICLE{ForneyBursty,
  author={Forney, G.},
  journal={IEEE Trans. Commun. Tech.}, 
  title={{Burst-Correcting Codes for the Classic Bursty Channel}}, 
  year={1971},
  volume={19},
  number={5},
  pages={772-781}
}


@inproceedings{SaberiFN19,
  author    = {Amir Saberi and
               Farhad Farokhi and
               Girish N. Nair},
  title     = {{State Estimation via Worst-Case Erasure and Symmetric Channels with
               Memory}},
  booktitle = {Proc. {IEEE} International Symposium on Information Theory, {ISIT}},
  pages     = {3072--3076},
  publisher = {{IEEE}},
  year      = {2019}
}


@article{AdlerC17,
  author    = {Nitzan Adler and
               Yuval Cassuto},
  title     = {{Burst-Erasure Correcting Codes With Optimal Average Delay}},
  journal   = {{IEEE} Trans. Inf. Theory},
  volume    = {63},
  number    = {5},
  pages     = {2848--2865},
  year      = {2017}
}



@article{KrishnanRVK20,
  author    = {M. Nikhil Krishnan and
               Vinayak Ramkumar and
               Myna Vajha and
               P. Vijay Kumar},
  title     = {{Simple Streaming Codes for Reliable, Low-Latency Communication}},
  journal   = {{IEEE} Commun. Lett.},
  volume    = {24},
  number    = {2},
  pages     = {249--253},
  year      = {2020}
}



@article{SGC_JSAIT,
  author    = {M. Nikhil Krishnan and
               Erfan Hosseini and
               Ashish Khisti},
  title     = {{Sequential Gradient Coding for Packet-Loss Networks}},
  journal   = {{IEEE} J. Sel. Areas Inf. Theory},
  volume    = {2},
  number    = {3},
  pages     = {919--930},
  year      = {2021}
}


@inproceedings{bergstra2011algorithms,
  author    = {James Bergstra and
               R{\'{e}}mi Bardenet and
               Yoshua Bengio and
               Bal{\'{a}}zs K{\'{e}}gl},
  title     = {{Algorithms for Hyper-Parameter Optimization}},
  booktitle = {Proc. Annual Conference on Neural Information Processing Systems},
  year      = {2011}
}






@book{zhou2012ensemble,
  title={Ensemble methods: foundations and algorithms},
  author={Zhou, Zhi-Hua},
  year={2012},
  publisher={CRC press}
}



@article{bhuyan2022multi,
  author    = {Neelkamal Bhuyan and
               Sharayu Moharir and
               Gauri Joshi},
  title     = {{Multi-Model Federated Learning with Provable Guarantees}},
  journal   = {CoRR},
  volume    = {abs/2207.04330},
  year      = {2022}
}







@article{da2022multichannel,
  author    = {Rafael Valente da Silva and
               Jinho Choi and
               Jihong Park and
               Glauber Brante and
               Richard Demo Souza},
  title     = {{Multichannel {ALOHA} Optimization for Federated Learning With Multiple
               Models}},
  journal   = {{IEEE} Wirel. Commun. Lett.},
  volume    = {11},
  number    = {10},
  pages     = {2180--2184},
  year      = {2022}
}






@inproceedings{wu2021parallel,
  title={Parallel Detection for Efficient Video Analytics at the Edge},
  author={Wu, Yanzhao and Liu, Ling and Kompella, Ramana},
  booktitle={Proc. IEEE International Conference on Cognitive Machine Intelligence, CogMI},
  pages={1--10},
  year={2021},
  organization={IEEE}
}


@article{tailatscale,
  author    = {Jeffrey Dean and
               Luiz Andr{\'{e}} Barroso},
  title     = {The tail at scale},
  journal   = {Commun. {ACM}},
  volume    = {56},
  number    = {2},
  pages     = {74--80},
  year      = {2013}
}

@article{codedComputingSurvey,
  author    = {Songze Li and
               Salman Avestimehr},
  title     = {{Coded Computing}},
  journal   = {Found. Trends Commun. Inf. Theory},
  volume    = {17},
  number    = {1},
  pages     = {1--148},
  year      = {2020}
}



@inproceedings{Bolot93,
  author    = {Jean{-}Chrysostome Bolot},
  title     = {{End-to-End Packet Delay and Loss Behavior in the Internet}},
  booktitle = {Proc. {ACM} {SIGCOMM} Conference on Communications
               Architectures, Protocols and Applications},
  pages     = {289--298},
  publisher = {{ACM}},
  year      = {1993}
}


@inproceedings{he2016deep,
  title={Deep residual learning for image recognition},
  author={He, Kaiming and Zhang, Xiangyu and Ren, Shaoqing and Sun, Jian},
  booktitle={Proceedings of the IEEE conference on computer vision and pattern recognition},
  pages={770--778},
  year={2016}
}

@article{kingma2014adam,
  title={Adam: A method for stochastic optimization},
  author={Kingma, Diederik P and Ba, Jimmy},
  journal={arXiv preprint arXiv:1412.6980},
  year={2014}
}
@article{krizhevsky2009learning,
  title={Learning multiple layers of features from tiny images},
  author={Krizhevsky, Alex and Hinton, Geoffrey and others},
  year={2009},
  publisher={Toronto, ON, Canada}
}

@inproceedings{
krishnan2023sequential,
title={Sequential Gradient Coding For Straggler Mitigation},
author={Nikhil Krishnan Muralee Krishnan and MohammadReza Ebrahimi and Ashish J Khisti},
booktitle={The Eleventh International Conference on Learning Representations },
year={2023},
url={https://openreview.net/forum?id=-lGvSmht7a}
}

@INPROCEEDINGS{5755057,
  author={Hasslinger, Gerhard and Hohlfeld, Oliver},
  booktitle={14th GI/ITG Conference - Measurement, Modelling and Evalutation of Computer and Communication Systems}, 
  title={The Gilbert-Elliott Model for Packet Loss in Real Time Services on the Internet}, 
  year={2008},
  volume={},
  number={},
  pages={1-15},
  keywords={Markov processes;Adaptation model;Hidden Markov models;Real time systems;Internet;Loss measurement;IP networks},
  doi={}}

@article{chen2016revisiting,
  title={Revisiting distributed synchronous SGD},
  author={Chen, Jianmin and Pan, Xinghao and Monga, Rajat and Bengio, Samy and Jozefowicz, Rafal},
  journal={arXiv preprint arXiv:1604.00981},
  year={2016}
}
@article{devolder2014first,
  title={First-order methods of smooth convex optimization with inexact oracle},
  author={Devolder, Olivier and Glineur, Fran{\c{c}}ois and Nesterov, Yurii},
  journal={Mathematical Programming},
  volume={146},
  pages={37--75},
  year={2014},
  publisher={Springer}
}

@inproceedings{su2023arbitrary,
  title={On Arbitrary Ignorance of Stragglers with Gradient Coding},
  author={Su, Xian and Sukhnandan, Brian and Li, Jun},
  booktitle={2023 IEEE 43rd International Conference on Distributed Computing Systems (ICDCS)},
  pages={660--670},
  year={2023},
  organization={IEEE}
}